@article{Wu,
archivePrefix = {arXiv},
arxivId = {arXiv:1708.05144v2},
author = {Wu, Yuhuai and Grosse, Roger and Ba, Jimmy},
eprint = {arXiv:1708.05144v2},
file = {:Users/WangRui/Aray{\_}THU/Thesis{\_}undergrad/references/ACKTR.pdf:pdf},
pages = {1--14},
title = {{Scalable trust-region method for deep reinforcement learning using Kronecker-factored approximation}}
}
@article{Silver,
archivePrefix = {arXiv},
arxivId = {arXiv:1712.01815v1},
author = {Silver, David and Hubert, Thomas and Schrittwieser, Julian and Antonoglou, Ioannis and Lai, Matthew and Guez, Arthur and Lanctot, Marc and Sifre, Laurent and Kumaran, Dharshan and Graepel, Thore and Lillicrap, Timothy and Simonyan, Karen and Hassabis, Demis},
eprint = {arXiv:1712.01815v1},
file = {:Users/WangRui/Aray{\_}THU/Thesis{\_}undergrad/references/alphaZero.pdf:pdf},
pages = {1--19},
title = {{Mastering Chess and Shogi by Self-Play with a General Reinforcement Learning Algorithm}}
}
@article{Mnih2016,
archivePrefix = {arXiv},
arxivId = {arXiv:1602.01783v2},
author = {Mnih, Volodymyr and Mirza, Mehdi and Graves, Alex and Harley, Tim and Lillicrap, Timothy P and Silver, David},
eprint = {arXiv:1602.01783v2},
file = {:Users/WangRui/Aray{\_}THU/Thesis{\_}undergrad/references/Asynchronous.pdf:pdf},
title = {{Asynchronous Methods for Deep Reinforcement Learning}},
volume = {48},
year = {2016}
}
@article{Mnih,
archivePrefix = {arXiv},
arxivId = {arXiv:1312.5602v1},
author = {Mnih, Volodymyr and Silver, David},
eprint = {arXiv:1312.5602v1},
file = {:Users/WangRui/Aray{\_}THU/Thesis{\_}undergrad/references/Atari{\_}DQN.pdf:pdf},
pages = {1--9},
title = {{Playing Atari with Deep Reinforcement Learning}}
}
@article{Hunt2016,
archivePrefix = {arXiv},
arxivId = {arXiv:1509.02971v5},
author = {Hunt, Jonathan J and Pritzel, Alexander and Heess, Nicolas and Erez, Tom and Tassa, Yuval and Silver, David and Wierstra, Daan},
eprint = {arXiv:1509.02971v5},
file = {:Users/WangRui/Aray{\_}THU/Thesis{\_}undergrad/references/ddpg.pdf:pdf},
title = {{Ontinuous learning control with deep reinforcement}},
year = {2016}
}
@article{Hausknecht1997,
archivePrefix = {arXiv},
arxivId = {arXiv:1507.06527v4},
author = {Hausknecht, Matthew and Stone, Peter},
eprint = {arXiv:1507.06527v4},
file = {:Users/WangRui/Aray{\_}THU/Thesis{\_}undergrad/references/DRQ{\_}POMDP.pdf:pdf},
title = {{Deep Recurrent Q-Learning for Partially Observable MDPs}},
year = {2017}
}
@article{Computational2016,
archivePrefix = {arXiv},
arxivId = {arXiv:1611.05763v3},
author = {Computational, Gatsby and Unit, Neuroscience},
eprint = {arXiv:1611.05763v3},
file = {:Users/WangRui/Aray{\_}THU/Thesis{\_}undergrad/references/learningToLearn.pdf:pdf},
pages = {1--17},
title = {{Earning to reinforcement learn}},
year = {2016}
}
@article{Mnih2015,
author = {Mnih, Volodymyr and Kavukcuoglu, Koray and Silver, David and Rusu, Andrei A and Veness, Joel and Bellemare, Marc G and Graves, Alex and Riedmiller, Martin and Fidjeland, Andreas K and Ostrovski, Georg and Petersen, Stig and Beattie, Charles and Sadik, Amir and Antonoglou, Ioannis and King, Helen and Kumaran, Dharshan and Wierstra, Daan and Legg, Shane and Hassabis, Demis},
doi = {10.1038/nature14236},
file = {:Users/WangRui/Aray{\_}THU/Thesis{\_}undergrad/references/NatureHumanLevelControlDeepRL.pdf:pdf},
title = {learning},
year = {2015}
}
@article{Zhang,
archivePrefix = {arXiv},
arxivId = {arXiv:1511.03791v2},
author = {Zhang, Fangyi and Leitner, J{\"{u}}rgen and Milford, Michael and Upcroft, Ben and Corke, Peter},
eprint = {arXiv:1511.03791v2},
file = {:Users/WangRui/Aray{\_}THU/Thesis{\_}undergrad/references/vision{\_}based{\_}robotic{\_}motion.pdf:pdf},
title = {{Towards Vision-Based Deep Reinforcement Learning for Robotic Motion Control}}
}
@article{Mnih2013,
archivePrefix = {arXiv},
arxivId = {1312.5602},
author = {Mnih, Volodymyr and Kavukcuoglu, Koray and Silver, David and Graves, Alex and Antonoglou, Ioannis and Wierstra, Daan and Riedmiller, Martin},
eprint = {1312.5602},
file = {:Users/WangRui/Aray{\_}THU/Thesis{\_}undergrad/references/Mnih et al. - 2013 - Playing Atari with Deep Reinforcement Learning.pdf:pdf},
month = {dec},
title = {{Playing Atari with Deep Reinforcement Learning}},
url = {https://arxiv.org/abs/1312.5602},
year = {2013}
}
